<?xml version="1.0" encoding="UTF-8"?><record xmlns="http://www.loc.gov/MARC21/slim" xmlns:cinclude="http://apache.org/cocoon/include/1.0" xmlns:zs="http://www.loc.gov/zing/srw/">
  <leader>00443cz  a2200145n  4500</leader>
  <controlfield tag="001">no2002058967</controlfield>
  <controlfield tag="003">DLC</controlfield>
  <controlfield tag="005">20120829075355.0</controlfield>
  <controlfield tag="008">020706n| acannaabn          |n aaa     c</controlfield>
  <datafield tag="010" ind1=" " ind2=" ">
    <subfield code="a">no2002058967</subfield>
  </datafield>
  <datafield tag="035" ind1=" " ind2=" ">
    <subfield code="a">(OCoLC)oca05804295</subfield>
  </datafield>
  <datafield tag="040" ind1=" " ind2=" ">
    <subfield code="a">IEN</subfield>
    <subfield code="b">eng</subfield>
    <subfield code="c">IEN</subfield>
    <subfield code="d">DLC</subfield>
  </datafield>
  <datafield tag="100" ind1="1" ind2=" ">
    <subfield code="a">Mandl, August</subfield>
  </datafield>
  <datafield tag="670" ind1=" " ind2=" ">
    <subfield code="a">OCLC, June 26, 2002</subfield>
    <subfield code="b">(hdg.: Mandl, August; usage: August Mandl)</subfield>
  </datafield>
  <datafield tag="675" ind1=" " ind2=" ">
    <subfield code="a">Bibliothek der deutschen Literatur, Bibliographie und Register, 1999</subfield>
  </datafield>
</record>